<?xml version="1.0" encoding="UTF-8"?><collection xmlns="http://www.loc.gov/MARC21/slim"><record><leader>00340nam--2200133-i-4500</leader><controlfield tag="001">000042125</controlfield><controlfield tag="002">20161230</controlfield><controlfield tag="005">20161230201043</controlfield><controlfield tag="008">060222s1000------------r-----000-0-eng-d</controlfield><datafield ind1=" " ind2=" " tag="080"><subfield code="a">621.384.6</subfield></datafield><datafield ind1=" " ind2=" " tag="100"><subfield code="a">Sokolov,A.A. And Ternov,I.M</subfield></datafield><datafield ind1=" " ind2=" " tag="245"><subfield code="a">S ynchrotron radiation</subfield></datafield><datafield ind1=" " ind2=" " tag="260"><subfield code="a">Berlin, Akademie-verlag, 1968. Viii + 202 P</subfield></datafield><datafield ind1=" " ind2=" " tag="852"><subfield code="a">30709</subfield></datafield></record></collection>